@article{Conover1972,
  author = "W. J. Conover",
  title = "A Kolmogorov Goodness-of-Fit Test for Discontinuous Distributions",
  year = "1972", 
  journal = "Journal of the American Statistical Association",
  volume = "67",
  number = "339",
  pages = "591--596"
}

@Manual{Arnold2010,
  title = {ks.test: A Kolmogorov Goodness-of-Fit Test for Discontinuous Distributions},
  author = {ZZZ and XXX},
  year = {2010},
  note = {R package version 1.0},
  url = {http://r-forge.r-project.org/projects/ks-test/}
}

@Manual{Weston2009,
  title = {foreach: Foreach looping construct for R},
  author = {S. Weston and {REvolution Computing}},
  year = {2009},
  note = {R package version 1.3.0},
  url = {http://CRAN.R-project.org/package=foreach.}
}


@article{Chance2007,
  author = {J W Emerson}, 
  title = {Chance, On and Off the Ice},
  journal = {Chance},
  year = {2007},
  volume = {20},
  Number = {2},
  pages = {19--21}
}

@article{TAS2009,
  author = {J. W. Emerson and M. Seltzer and D. Lin},
  title = {Assessing Judging Bias: an Example from the 2000 Olympic Games},
  journal = {The American Statistician},
  year = {2009},
  volume = {63},
  Number = {2},
  pages = {124--131}
}


@DOITBYHAND {eric2010,
  author = {E. Zitzewitz},
  year = {2010},
  institution = {Dartmouth College},
  note = "\zitzewitzByHand"
}

@DOITBYHAND {ISU2008,
  AUTHOR = "{International Skating Union}",
  TITLE = "Special Regulations \& Technical Rules: Single \& Pair Skating and Ice Dance 2008",
  YEAR = "2008",
  institution = "International Skating Union",
  NOTE = "\ISUByHand"
}


@article{Pritchardetal2000, 
	author = "J K Pritchard and Stephens, M and Donnelly, P",
 title = "Inference of Population Structure Using Multilocus Genotype Data", 
	journal = "Genetics",  
 year = "2000a",
	volume = "155",
	pages = "945--959"}

@DOITBYHAND {Raftery1992,
  AUTHOR = "Raftery, A E",
  TITLE = "Discussion of model determination using predictive distributions
			   with implementation via sampling-based methods, by A. E. Gelfand, D. K. Dey,
     and H. Chang",
  YEAR = "1992",
  BOOKTITLE = "Bayesian Statistics 4",
  PUBLISHER =  "Oxford University Press",
  ADDRESS  =  "Oxford",
  EDITOR   =  "J M Bernardo and Berger, J O and Dawid, A P and Smith, A F M",
  PAGES = "147--167",
  NOTE = "\RafteryDiscByHand" }

@ARTICLE {Beaumontetal,@article{Conover1972,
  author = "W. J. Conover",
  title = "A Kolmogorov Goodness-of-Fit Test for Discontinuous Distributions",
  year = "1972", 
  journal = "Journal of the American Statistical Association",
  volume = "67",
  number = "339",
  pages = "591--596"
}

@Manual{Arnold2010,
  title = {ks.test: A Kolmogorov Goodness-of-Fit Test for Discontinuous Distributions},
  author = {ZZZ and XXX},
  year = {2010},
  note = {R package version 1.0},
  url = {http://r-forge.r-project.org/projects/ks-test/}
}
  AUTHOR = "M Beaumont and Gotelli, D and Barratt, E M and Kitchener, A C
    and Daniels, M J and Pritchard, J K and Bruford, M W ",
  YEAR = "in press",
  TITLE =  "Genetic diversity and introgression in the Scottish wildcat",
  JOURNAL = "",
  VOLUME =  "", 
  PAGES = "" }

@ARTICLE {slakter65,
  AUTHOR = "M J Slakter",
  YEAR = "1965",
  TITLE =  "A comparison of the pearson chi-square and kolmogorov goodness-of-fit tests with respect to validity",
  JOURNAL = "Journal of the American Statistical Association",
  VOLUME =  "60", 
  NUMBER = "311",
  PAGES = "854--858" }

@ARTICLE {sidak1967,
  AUTHOR = "Z \v{S}id\`{a}k",
  YEAR = "1967",
  TITLE =  "Rectangular Confidence Regions for the Means of Multivariate Normal Distributions",
  JOURNAL = "Journal of the American Statistical Association",
  VOLUME =  "62", 
  NUMBER = "318",
  PAGES = "626--633" }

@ARTICLE {marsaglia2003,
  AUTHOR = "G Marsaglia and W W Tsang and J Wang",
  YEAR = "2003",
  TITLE =  "Evaluating Kolmogorov's distribution",
  JOURNAL = "Journal of Statistical Software",
  VOLUME =  "8", 
  NUMBER = "18",
  URL = "http://www.jstatsoft.org/v08/i18/" }

@ARTICLE {birnbaum1951,
  AUTHOR = "Z W Birnbaum and F H Tingey",
  YEAR = "1951",
  TITLE =  "One-sided confidence contours for probability distribution functions",
  JOURNAL = "The Annals of Mathematical Statistics",
  VOLUME =  "22", 
  NUMBER = "4",
  PAGES = "592-596" }

@INCOLLECTION {Gelfandetal1992,
  AUTHOR = "Gelfand, A E and Dey, D K and Chang, H",
  TITLE = "Model determination using predictive distributions
			   with implementation via sampling-based methods",
  YEAR = "1992",
  BOOKTITLE = "Bayesian Statistics 4",
  PUBLISHER =  "Oxford University Press",
  ADDRESS  =  "Oxford",
  EDITOR   =  "J M Bernardo and Berger, J O and Dawid, A P and Smith, A F M",
  PAGES = "147--167" }

  @Manual{R2010,
    title = {R: A Language and Environment for Statistical Computing},
    author = {{R Development Core Team}},
    organization = {R Foundation for Statistical Computing},
    address = {Vienna, Austria},
    year = {2010},
    note = {{ISBN} 3-900051-07-0},
    url = {http://www.R-project.org/}
  }


